%============ Bibliography Syntaxe ============%
%      Just follow examples written below      %
%==============================================%
% (1) DOORBA (2017), adresse:

@electronic{e-commerce,
  author        = " Cova Díaz",

  title         = "Qu’est-ce que le e-commerce ?",
  url           = "https://www.doofinder.com/fr/blog/qu-est-ce-que-le-ecommerce",
  year          = "14/07/2020",
  note          = "[Accès le 25-Aout-2020]"
}


@electronic{B2B,
  author        = "B. Bathelot",
  organization  = "Définitions Marketing",
  title         = "Définition B2B",
  url           = "https://www.definitions-marketing.com/definition/b2b/",
  year          = "08/01/2018",
  note          = "[Accès le 25-Aout-2020]"
}

@electronic{B2C,
  author        = "JDN",
  organization  = "Dictionnaire économique et financier",
  title         = "Definition B2C",
  url           = "https://www.journaldunet.fr/business/dictionnaire-economique-et-financier/1199123-b-to-c-ou-b2c-definition/",
  year          = "15/01/19",
  note          = "[Accès le 26-Aout-2020]"
}

@electronic{C2C,
  author        = "JDN",
  title         = "Definition C2C",
  url           = "https://www.journaldunet.fr/business/dictionnaire-economique-et-financier/1199359-c-to-c-ou-c2c-definition/",
  year          = "30/01/19",
  note          = "[Accès le 26-Aout-2020]"
  


}@electronic{Crawler,
  author        = "B. Bathelot",
  title         = "Crawler",
  url           = "https://www.definitions-marketing.com/definition/crawler/",
  year          = "17/10/2017",
  note          = "[Accès le 28-Aout-2020]"
  
  


}@electronic{Scraper,
  author        = "JDN",
  title         = "Scraping : définition",
  url           = "https://www.journaldunet.fr/web-tech/dictionnaire-du-webmastering/1203521-scraping-definition-traduction/",
  year          = "09/01/19",
  note          = "[Accès le 24-Aout-2020]"
  
  


}@electronic{bigdata,
  author        = "Etienne Alcouffe",
  title         = "L’importance du Big Data pour une entreprise",
  url           = "https://junto.fr/blog/big-data/#:~:text=Le%20Big%20Data%20est%20une,de%20donn%C3%A9es%20ou%20des%20logiciels.",
  year          = "Oct 11, 2019",
  note          = "[Accès le 29-Aout-2020]"
  


}@electronic{overleaf,
  author        = "Overleaf",
  title         = "Définition d'outil Overleaf",
  url           = "https://www.overleaf.com/",
  year          = "2020",
  note          = "[Accès le 1-Septembre-2020]"
  

}@electronic{staruml,
  author        = "Star UML",
  title         = "Définition d'outil Start UML",
  url           = "https://inf1410.teluq.ca/teluqDownload.php?file=2014/01/INF1410-PresentationStarUML.pdf",
  year          = "2020",
  note          = "[Accès le 3-Septembre-2020]"
}


@electronic{postman,
  author        = "PostMan",
  organization  = "Google",
  title         = "Définition d'outil PostMan",
  url           = "http://ipeti.forumpro.fr/t21-definition-de-langage-java-java-script",
  year          = "2020",
  note          = "[Accès le 7-Septembre-2020]"
}

@electronic{pycharm,
  author        = "PyCharm",
  organization  = "Apache",
  title         = "Définition de IDE Pycharm",
  url           = "https://fr.wikipedia.org/wiki/PyCharm",
  year          = "7 août 2019",
  note          = "[Accès le 8-Septembre-2020]"
}


@electronic{webstorm,
  author        = "WebStorm",
  organization  = "Apache",
  title         = "Définition de IDE WebStorm",
  url           = "https://fr.wikipedia.org/wiki/WebStorm",
  year          = "25 mai 2020",
  note          = "[Accès le 9-Septembre-2020]"
}


@electronic{slack,
  author        = "Slack ",
 
  title         = "Premiers pas",
  url           = "https://slack.com/intl/fr-fr/help/articles/115004071768-Qu%E2%80%99est-ce-que-Slack-",
  note          = "[Accès le 8-Septembre-2020]"
}


@electronic{trello,
  author        = "Trello",
  title         = "Définitio de Trello",
  url           = "https://fr.wikipedia.org/wiki/Trello",
  year          = "10 mai 2020",
  note          = "[Accès le 10-Septembre-2020]"
}



@electronic{elasticsearch,
  author        = "OpenClassroom",
  title         = "Maitrisez les bases de données NoSQL",
  url           = "https://openclassrooms.com/fr/courses/4462426-maitrisez-les-bases-de-donnees-nosql/4474691-etudiez-le-fonctionnement-d-elasticsearch",
  year          = " 28/11/2019",
  note          = "[Accès le 25-Aout-2020]"
}



@electronic{python,
  author        = "Python",
  organization  = "Python Software Foundation",
  title         = "https://docs.python.org/fr/3/tutorial/",
  url           = "http://www.w3.org/TR/html5/",
  year          = "août 26, 2020",
  note          = "[Accès le 10-Septembre-2020]"
}



@electronic{pythoncarac,
  author        = "John Taieb",
  title         = "Pourquoi apprendre Python ?",
  url           = "https://apprendre-a-coder.com/pourquoi-apprendre-python/",
  note          = "[Accès le 10-Septembre-2020]"
}


@electronic{django,
  
  title         = "Présentation de django",
  url           = "https://python.doctor/page-django-introduction-python",
  note          = "[Accès le 10-Septembre-2020]"
}


@electronic{scrapy,
  organization  = "Scrapy",
  title         = "Scrapy",
  url           = "https://fr.wikipedia.org/wiki/Scrapy",
  year          = "20 avril 2020",
  note          = "[Accès le 10-Septembre-2020]"
}



@electronic{beautifulsoup,
  author        = "Jean-Hugues Roy",

  title         = "definition de BeautifulSoup",
  url           = "http://webcache.googleusercontent.com/search?q=cache:sLcPm9i8KrIJ:jhroy.ca/uqam/edm5240/BeautifulSoup-DocAbregee.pdf+&cd=2&hl=fr&ct=clnk&gl=tn",
  note          = "[Accès le 25-Aout-2020]"
}

@electronic{selenuim,
  
  
  title         = "Selenium : présentation de l'outil",
  url           = "http://www.test-recette.fr/recette/tests-fonctionnels-automatises/testing-automatise-selenium-python.html",
  note          = "[Accès le 25-Aout-2020]"
}


@electronic{webdriver,
  author        = "Catherine Tillous",
  
  title         = "WebDriver, exécuter vos tests sur des navigateurs distants en parallèle",
  url           = "https://makina-corpus.com/blog/metier/2014/webdriver-executer-vos-tests-sur-des-navigateurs-distants-en-parallele#:~:text=WebDriver%20est%20un%20framework%20de,automatisation%20de%20tests%20pour%20navigateurs.&text=Autrement%20dit%2C%20plus%20d'injection,du%20navigateur%20via%20un%20driver."
  ,
  note          = "[Accès le 25-Aout-2020]"
}

@electronic{torbrowser,
  author        = "VUK MUJOVIĆ",
  organization  = "LE VPN",
  title         = "QU’EST-CE QUE LE NAVIGATEUR TOR ?",
  url           = "http://www.ackwa.fr/technologies/framework/zurb.html",
  year          = "19 FÉVRIER 2018 ",
  note          = "[Accès le 25-Aout-2020]"
}



@electronic{rest,
  author        = "Tehreem Naeem",
  title         = "API REST: définition, fonctionnement, avantages et principes de conception",
  url           = "https://www.developpez.com/actu/93927/Angular-2-0-est-disponible-en-version-beta-le-framework-JavaScript-annonce-un-gain-de-vitesse-impressionnant/",
  year          = "24 Juin 2020",
  note          = "[Accès le 12-Septembre-2020]"
}

@electronic{diff,
  %author        = "Chantal Gribaumont",
 
  title         = "Site statique ou dynamique",
  url           = "http://www.morphemzero.be/sujets/site-statique-dynamique/",
  %year          = "Fev. 2017",
  note          = "[Accès le 13-Septembre-2020]"
}


@electronic{dom,
  author        = "Jonathan Robie",
  organization  = "Texcel Research",
  title         = "What is the Document Object Model?",
  url           = "https://www.w3.org/TR/REC-DOM-Level-1/introduction.html",
  %year          = "30-May-2017 ",
  note          = "[Accès le 13-Septembre-2020]"
}

@electronic{proxy,
  author        = "Steve Chevillard",
  organization  = "ASTUCES & AIDE INFORMATIQUE",
  title         = "C'EST QUOI UN PROXY ?",
  url           = "https://www.astuces-aide-informatique.info/876/definition-proxy",
  year          = "03/05/2019",
  note          = "[Accès le 13-Septembre-2020]"
}

@electronic{headlessbrowser,
  author        = "",
  organization  = "Wikipedia",
  title         = "Navigateur sans tête",
  url           = "https://fr.wikipedia.org/wiki/Navigateur_sans_t%C3%AAte",
  year          = "29 août 2020 ",
  note          = "[Accès le 15-Septembre-2020]"
}

@electronic{monitoring,
  author        = "",
  organization  = "Vokto",
  title         = "Monitoring et supervision informatique pour PME",
  url           = "https://www.vokto.com/monitoring-supervision-informatique-pme/",
  year          = "",
  note          = "[Accès le 16-Septembre-2020]"
}

@electronic{spidermon,
  author        = "rennerocha",
  organization  = "Github",
  title         = "Spidermon",
  url           = "https://github.com/scrapinghub/spidermon",
  year          = "",
  note          = "[Accès le 16-Septembre-2020]"
}

@electronic{orm,
  author        = " ",
  organization  = "Creative Commons Attribution-ShareAlike 4.0 International License",
  title         = "Django le framework !",
  url           = "https://explorweb.github.io/cours2018A/cours/django/",
  year          = " ",
  note          = "[Accès le 16-Septembre-2020]"
}

@electronic{datavora,
  url           = "https://datavora.com/"
  
}
@electronic{3v,
  url           = "https://www.lebigdata.fr/definition-big-data"
  
}
@electronic{bigdata1,
  url           = "https://fr.mailjet.com/blog/news/big-data-definition/"
  
}
@electronic{produit,
  url           = "https://www.tourmag.com/E-commerce-la-part-des-ventes-realisee-sur-mobile-en-hausse-de-50-en-2018_a93925.html"
  
}
@electronic{stat,
  url           = "https://fr.statista.com/statistiques/717379/e-commerce-b2c-chiffre-affaires-europe/"
  
}
@electronic{scrape,
  url           = "https://www.luxury-concept.com/dev-blog/346-le-scaping-des-donnees-pourquoi-et-comment.html"
  
}
@electronic{server,
  url           = "https://developer.mozilla.org/fr/docs/Learn/Server-side/Premiers_pas/Introduction"
  
}
@electronic{book,
  url           = "https://profs.info.uaic.ro/~avitcu/Kouzis-Loukas%20Dimitrios.-Learning%20Scrapy_%20Learn%20the%20art%20of%20eficient%20web%20scraping%20and%20crawling%20with%20Python.pdf"
  
}
@electronic{architect,
  url           = "https://docs.scrapy.org/en/latest/topics/architecture.html"
  
}
@electronic{itempipeline,
  url           = "http://blog.florian-hopf.de/2014/07/scrapy-and-elasticsearch.html"
  
}
@electronic{outilselenuim,
  url           = "https://www.all4test.fr/dossiers-thematiques/comment-automatiser-les-cas-de-test-avec-selenium-et-behave-en-utilisant-python/"
  
}
@electronic{domtable,
  url           = "https://www.w3.org/TR/DOM-Level-3-Core/introduction.html"
  
}
}
@electronic{djangoarchi,
  url           = "https://explorweb.github.io/cours2018A/cours/django/"
  
}
}
@electronic{mvcmvt,
  url           = "https://data-flair.training/blogs/django-architecture/"
  
}
}
@electronic{crawler,
  url           = "https://www.definitions-marketing.com/definition/crawler-moteur/"
  
}
@electronic{RestApi ,
  url           = "https://juvenal-chokogoue.developpez.com/tutoriels/elasticsearch-sgbd-nosql/"
  
}
@electronic{fonction,
  url           = "https://medium.com/@ali_oguzhan/how-to-use-scrapy-with-django-application-c16fabd0e62e"
  
}
@electronic{EtapeSelenuim,
  url           = "https://www.browserstack.com/guide/difference-between-selenium-remotewebdriver-and-webdriver"
  
}
